<record><leader>00000cas a2200000 a 4500</leader><controlfield tag="001">12093815</controlfield><controlfield tag="008">850530d193719uupauwr pe      0    0eng c</controlfield><datafield ind1=" " ind2=" " tag="010"><subfield code="a">sn 85054929 </subfield></datafield><datafield ind1=" " ind2=" " tag="040"><subfield code="a">NPH</subfield><subfield code="b">eng</subfield><subfield code="c">NPH</subfield><subfield code="d">OCLCQ</subfield><subfield code="d">UPM</subfield></datafield><datafield ind1=" " ind2=" " tag="042"><subfield code="a">pcc</subfield></datafield><datafield ind1=" " ind2="4" tag="050"><subfield code="a">HD6515.I52</subfield><subfield code="b">U5</subfield></datafield><datafield ind1="0" ind2=" " tag="130"><subfield code="a">Union press (Aliquippa, Pa.)</subfield></datafield><datafield ind1="1" ind2="4" tag="245"><subfield code="a">The union press.</subfield></datafield><datafield ind1=" " ind2=" " tag="260"><subfield code="a">Aliquippa, Pa. :</subfield><subfield code="b">Lodge 1211 of the Amalgamated Assoc. of Iron, Steel and Tin Workers of North America,</subfield><subfield code="c">1937-</subfield></datafield><datafield ind1=" " ind2=" " tag="300"><subfield code="a">v. :</subfield><subfield code="b">ill. ;</subfield><subfield code="c">29-60 cm.</subfield></datafield><datafield ind1=" " ind2=" " tag="310"><subfield code="a">Weekly</subfield></datafield><datafield ind1="0" ind2=" " tag="362"><subfield code="a">Vol. 1, no. 1 (Aug. 11, 1937)-</subfield></datafield><datafield ind1=" " ind2=" " tag="550"><subfield code="a">"Official organ of Lodge 1211 of the Amalgamated Association of Iron, Steel and Tin Workers of North America."</subfield></datafield><datafield ind1=" " ind2=" " tag="588"><subfield code="a">Description based on: Vol. 1, no. 1 (Aug. 11, 1937); title from masthead.</subfield></datafield><datafield ind1=" " ind2=" " tag="588"><subfield code="a">Latest issue consulted: Vol. 2, no. 3 (September 11, 1939).</subfield></datafield><datafield ind1="2" ind2="0" tag="610"><subfield code="a">Amalgamated Association of Iron, Steel, and Tin Workers of North America.</subfield><subfield code="b">Lodge 1211 (Aliquippa, Pa.)</subfield><subfield code="v">Periodicals.</subfield></datafield><datafield ind1=" " ind2="0" tag="650"><subfield code="a">Iron and steel workers</subfield><subfield code="x">Labor unions</subfield><subfield code="z">Pennsylvania</subfield><subfield code="z">Aliquippa</subfield><subfield code="v">Periodicals.</subfield></datafield><datafield ind1=" " ind2="0" tag="650"><subfield code="a">Steel industry and trade</subfield><subfield code="x">Employees</subfield><subfield code="x">Labor unions</subfield><subfield code="z">Pennsylvania</subfield><subfield code="z">Aliquippa</subfield><subfield code="v">Periodicals.</subfield></datafield><datafield ind1="2" ind2=" " tag="710"><subfield code="a">Amalgamated Association of Iron, Steel, and Tin Workers of North America.</subfield><subfield code="b">Lodge 1211 (Aliquippa, Pa.)</subfield></datafield><datafield ind1=" " ind2=" " tag="752"><subfield code="a">United States</subfield><subfield code="b">Pennsylvania</subfield><subfield code="c">Beaver</subfield><subfield code="d">Aliquippa.</subfield></datafield><datafield ind1="1" ind2=" " tag="029"><subfield code="a">AU@</subfield><subfield code="b">000025802411</subfield></datafield></record>